@article{grfr03,
title={Modeling fluid transfer along California faults when integrating
pressure solution crack sealing and compaction processes},
author={Gratier, Jean-Pierre and Favreau, Pascal and Renard, Fran{\c{c}}ois},journal={Journal of Geophysical Research: Solid Earth},
volume={108},
number={B2},
doi={10.1029/2001JB000380},
year={2003}}

@article{begu18,
title={Episodic tremor and slip explained by fluid-enhanced 
microfracturing and sealing},
author={Bernaudin, Maxime and Gueydan, Fr{\'e}d{\'e}ric},
journal={Geophysical Research Letters},
volume={45},
number={8},
pages={3471--3480},
doi={10.1029/2018GL077586},
year={2018}}

@article{skre16,
title={Dehydration-induced porosity waves and episodic tremor and slip},
author={Skarbek, Rob M and Rempel, Alan W},
journal={Geochemistry, Geophysics, Geosystems},
volume={17},
number={2},
pages={442--469},
doi={10.1002/2015GC006155},
year={2016}}

@book{simp17,
Author = {Guy Simpson},
Publisher = {Wiley-Blackwell},
Title = {Practical Finite Element Modelin in Earth Science Using Matlab},
isbn={978-1-119-24862-0},
Year = {2017}}

@article{krhb12,
title={High accuracy mantle convection simulation through modern numerical methods},
author={M. Kronbichler and T. Heister and W. Bangerth},
journal=gji,
volume={191},
pages={12-29},
doi={10.1111/j.1365-246X.2012.05609.x},
year={2012}}

@article{gemd13,
title={{An adaptive staggered grid finite difference method for modeling geodynamic
Stokes flows with strongly variable viscosity}},
author={T.V. Gerya and D.A. May and T. Duretz},
journal=g3,
volume={14},
number={4},
doi={10.1002/ggge.20078},
year={2013}}

@article{scpo03,
title={{Analytical solutions for deformable elliptical inclusions in general shear}},
author={D.W. Schmid and Y.Y. Podlachikov},
journal= gji,
volume={155},
doi={10.1046/j.1365-246X.2003.02042.x},
pages={269-288},
year={2003}}

@article{thba22,
author={C. Thieulot and W. Bangerth},
title={On the choice of finite element for applications in geodynamics},
journal={Solid Earth},
doi={10.5194/se-13-1-2022},
volume={13},
year={2022}}

@article{wanu84,
title={Porosity reduction and crustal pore pressure development},
author={Walder, Joseph and Nur, Amos},
journal={Journal of Geophysical Research: Solid Earth},
volume={89},
number={B13},
pages={11539--11548},
doi={10.1029/JB089iB13p11539},
year={1984}}

@article{elga10,
title={{Samovar: a thermomechanical code for modeling of geodynamic processes in the lithospshere -- 
application to basin evolution}},
author={Y. Elesin and T. Gerya and I.M. Artemieva and H. Thybo},
journal={Arabian Journal of Geosciences},
volume={3},
pages={477-497},
doi={10.1007/s12517-010-0215-1},
year={2010}}

@article{frbt19,
title={{Efficient and Practical Newton Solvers for Nonlinear Stokes Systems in Geodynamic Problems}},
author={M.R.T. Fraters and W. Bangerth and C. Thieulot and A.C. Glerum and W. Spakman },
journal=gji,
volume={218},
pages={873--894},
doi={10.1093/gji/ggz183},
year={2019}}

@book{gery10,
Author = {Taras Gerya},
Publisher = {Cambridge University Press},
Title = {Numerical Geodynamic Modelling},
Year = {2010}}

@article{geyu03,
Author = {T.V. Gerya and D.A. Yuen},
Journal = pepi, 
Pages = {293-318},
Title = {Characteristics-based marker-in-cell method with conservative finite-differences 
schemes for modeling geological flows with strongly variable transport properties},
doi={10.1016/j.pepi.2003.09.006},
Volume = {140},
Year = {2003}}

@book{tack10,
Author = {Alik Ismail-Zadeh and Paul Tackley},
Publisher = {Cambridge University Press},
Title = {Computational Methods for Geodynamics},
Year = {2010}}

@article{dumg11,
title={Discretization errors and free surface stabilisation in the finite difference and 
marker-in-cell method for applied geodynamics: A numerical study},
author={T. Duretz and D.A. May and T.V. Gerya and P.J. Tackley},
journal=g3,
volume={12},
number={Q07004},
doi={10.1029/2011GC003567},
year={2011}}


@article{zhon96,
title={Analytic solutions for Stokes' flow with lateral variations in viscosity},
author={Zhong, Shijie},
journal={Geophys. J. Int.},
volume={124},
number={1},
pages={18-28},
doi={10.1111/j.1365-246X.1996.tb06349.x},
year={1996}}


